<record><leader>00000cas a2200000 a 4500</leader><controlfield tag="001">12705624</controlfield><controlfield tag="008">851022d19061964njudr ne      0    0eng c</controlfield><datafield ind1=" " ind2=" " tag="010"><subfield code="a">sn 85035976 </subfield></datafield><datafield ind1=" " ind2=" " tag="040"><subfield code="a">NPA</subfield><subfield code="b">eng</subfield><subfield code="c">NPA</subfield><subfield code="d">NJW</subfield><subfield code="d">YOX</subfield><subfield code="d">DLC</subfield><subfield code="d">CRL</subfield><subfield code="d">KRTAS</subfield><subfield code="d">DLC</subfield><subfield code="d">OCLCQ</subfield><subfield code="d">OCLCF</subfield></datafield><datafield ind1="1" ind2=" " tag="029"><subfield code="a">AU@</subfield><subfield code="b">000022025898</subfield></datafield><datafield ind1="1" ind2=" " tag="029"><subfield code="a">AU@</subfield><subfield code="b">000022289076</subfield></datafield><datafield ind1=" " ind2=" " tag="042"><subfield code="a">pcc</subfield></datafield><datafield ind1=" " ind2=" " tag="043"><subfield code="a">n-us-nj</subfield></datafield><datafield ind1="0" ind2="0" tag="050"><subfield code="a">Newspaper</subfield></datafield><datafield ind1="0" ind2=" " tag="130"><subfield code="a">Trenton evening times (Trenton, N.J. : 1906)</subfield></datafield><datafield ind1="1" ind2="0" tag="245"><subfield code="a">Trenton evening times.</subfield></datafield><datafield ind1="1" ind2=" " tag="246"><subfield code="i">Issues for Sunday Jan. 5, 1913-Apr. 9, 1922 published as:</subfield><subfield code="a">Sunday times-advertiser</subfield></datafield><datafield ind1="1" ind2=" " tag="246"><subfield code="i">Issues for Sunday Apr. 16, 1922-Nov. 22, 1964 published as:</subfield><subfield code="a">Trenton Sunday times-advertiser</subfield></datafield><datafield ind1=" " ind2=" " tag="260"><subfield code="a">Trenton, N.J. :</subfield><subfield code="b">Trenton Times,</subfield><subfield code="c">1906-1964.</subfield></datafield><datafield ind1=" " ind2=" " tag="300"><subfield code="a">59 v.</subfield></datafield><datafield ind1=" " ind2=" " tag="310"><subfield code="a">Daily</subfield></datafield><datafield ind1="0" ind2=" " tag="362"><subfield code="a">Aug. 25, 1906-v. 51, no. 241 (Oct. 12, 1932) ; 51st yr., no. 242 (Oct. 13, 1932)-83rd yr., no. 39 (Dec. 4, 1964).</subfield></datafield><datafield ind1=" " ind2=" " tag="515"><subfield code="a">Volume and number designation resumed with issue for Mar. 5, 1921.</subfield></datafield><datafield ind1=" " ind2=" " tag="530"><subfield code="a">Available on microfilm from Bell &amp; Howell Information and Learning.</subfield></datafield><datafield ind1=" " ind2="0" tag="651"><subfield code="a">Trenton (N.J.)</subfield><subfield code="v">Newspapers.</subfield></datafield><datafield ind1=" " ind2="0" tag="651"><subfield code="a">Mercer County (N.J.)</subfield><subfield code="v">Newspapers.</subfield></datafield><datafield ind1=" " ind2="7" tag="655"><subfield code="a">Newspapers.</subfield><subfield code="2">fast</subfield><subfield code="0">(OCoLC)fst01423814</subfield></datafield><datafield ind1=" " ind2="7" tag="651"><subfield code="a">New Jersey</subfield><subfield code="z">Mercer County.</subfield><subfield code="2">fast</subfield><subfield code="0">(OCoLC)fst01212736</subfield></datafield><datafield ind1=" " ind2="7" tag="651"><subfield code="a">New Jersey</subfield><subfield code="z">Trenton.</subfield><subfield code="2">fast</subfield><subfield code="0">(OCoLC)fst01207908</subfield></datafield><datafield ind1=" " ind2=" " tag="752"><subfield code="a">United States</subfield><subfield code="b">New Jersey</subfield><subfield code="c">Mercer</subfield><subfield code="d">Trenton.</subfield></datafield><datafield ind1="0" ind2="0" tag="780"><subfield code="t">Trenton times (Trenton, N.J. : 1899)</subfield><subfield code="w">(DLC)sn 85035975</subfield><subfield code="w">(OCoLC)12705616</subfield></datafield><datafield ind1="0" ind2="0" tag="785"><subfield code="t">Evening times (Trenton, N.J.)</subfield><subfield code="w">(DLC)sn 84020582</subfield><subfield code="w">(OCoLC)11207283</subfield></datafield><datafield ind1=" " ind2=" " tag="938"><subfield code="a">Kirtas Technologies, Inc.</subfield><subfield code="b">KRTS</subfield><subfield code="n">739421</subfield></datafield></record>